@TechReport{aliprantisOpioidsLaborMarket2018,
  type = {Working Paper ({{Federal Reserve Bank}} of {{Cleveland}})},
  title = {Opioids and the {{Labor Market}}},
  language = {en},
  number = {WP 18-07},
  institution = {{Federal Reserve Bank of Cleveland}},
  doi = {10.26509/frbc-wp-201807},
  author = {Dionissi Aliprantis and Mark E. Schweitzer},
  month = {may},
  year = {2018},
  pages = {WP 18-07},
  file = {/home/jackson/Zotero/storage/347W3TP2/Aliprantis and Schweitzer - 2018 - Opioids and the Labor Market.pdf},
}
@TechReport{alpertSupplySideDrugPolicy2017,
  type = {{{NBER Working Paper}}},
  title = {Supply-{{Side Drug Policy}} in the {{Presence}} of {{Substitutes}}: {{Evidence}} from the {{Introduction}} of {{Abuse}}-{{Deterrent Opioids}}},
  number = {23031},
  institution = {{National Bureau of Economic Research}},
  author = {Abby Alpert and David Powell and Rosalie Liccardo Pacula},
  year = {2017},
}
@Article{maguireOpioidCrisisAppalachia2019,
  title = {The {{Opioid Crisis}} in {{Appalachia}}: The {{Effect}} of {{Blue}}-{{Collar Employment}}},
  volume = {26},
  number = {18},
  journal = {Applied Economics Letters},
  author = {Karen Maguire},
  month = {feb},
  year = {2019},
  pages = {1480-1484},
  file = {/home/jackson/Zotero/storage/MVPVR7UQ/Maguire - 2019 - The Opioid Crisis in Appalachia the Effect of Blu.pdf},
}
@Book{quinonesDreamlandTrueTale2016,
  address = {{New York}},
  edition = {Paperback edition},
  title = {Dreamland: The True Tale of {{America}}'s Opiate Epidemic},
  isbn = {978-1-62040-252-8 978-1-62040-250-4},
  lccn = {HV5840.M4 Q56 2016},
  shorttitle = {Dreamland},
  publisher = {{Bloomsbury Press}},
  author = {Sam Quinones},
  year = {2016},
  keywords = {American Dream,Drug addiction,Drug traffic,Heroin abuse,Mexico,Narcotics,Oxycodone,United States},
  note = {OCLC: ocn959245163},
}
@Article{ciccaroneFentanylUSHeroin2017,
  title = {Fentanyl in the {{US}} Heroin Supply: {{A}} Rapidly Changing Risk Environment},
  volume = {46},
  issn = {09553959},
  shorttitle = {Fentanyl in the {{US}} Heroin Supply},
  language = {en},
  journal = {International Journal of Drug Policy},
  doi = {10.1016/j.drugpo.2017.06.010},
  author = {Daniel Ciccarone},
  month = {aug},
  year = {2017},
  pages = {107-111},
  file = {/home/jackson/Zotero/storage/ZL6WQMNU/Ciccarone - 2017 - Fentanyl in the US heroin supply A rapidly changi.pdf},
}
@TechReport{caseMortalityMorbidity21st2017,
  title = {Mortality and {{Morbidity}} in the 21st {{Century}}},
  institution = {{Brookings}},
  author = {Anne Case and Angus Deaton},
  year = {2017},
  file = {/home/jackson/Zotero/storage/889NN4KX/Case and Deaton - 2017 - Mortality and Morbidity in the 21st Century.pdf},
}
@InCollection{blackConsumerRationality2013,
  title = {Consumer Rationality},
  isbn = {978-0-19-969632-1},
  language = {en},
  booktitle = {A {{Dictionary}} of {{Economics}}},
  publisher = {{Oxford University Press}},
  author = {John BlackJohn Black and Nigar HashimzadeNigar Hashimzade and Gareth MylesGareth Myles},
  month = {may},
  year = {2013},
  file = {/home/jackson/Zotero/storage/FRIJR4BL/acref-9780199696321-e-547.html},
}
@Article{arcidiaconoConsumerRationalityMultidisciplinary2011,
  title = {Consumer Rationality in a Multidisciplinary Perspective},
  volume = {40},
  issn = {10535357},
  language = {en},
  number = {5},
  journal = {The Journal of Socio-Economics},
  doi = {10.1016/j.socec.2011.01.003},
  author = {Davide Arcidiacono},
  month = {oct},
  year = {2011},
  pages = {516-522},
}
@Article{beckerTheoryRationalAddiction1988,
  title = {A {{Theory}} of {{Rational Addiction}}},
  volume = {96},
  issn = {0022-3808},
  number = {4},
  journal = {Journal of Political Economy},
  author = {Gary S. Becker and Kevin M. Murphy},
  year = {1988},
  pages = {675-700},
  file = {/home/jackson/Zotero/storage/VTTKTE4M/Becker and Murphy - 1988 - A Theory of Rational Addiction.pdf},
}
@Book{culyerDictionaryHealthEconomics2005,
  address = {{Chelthenham, UK ; Northampton, MA}},
  title = {The Dictionary of Health Economics},
  isbn = {978-1-84376-208-9},
  lccn = {RA410.A3 C85 2005},
  publisher = {{Edward Elgar}},
  author = {A. J. Culyer},
  year = {2005},
  keywords = {Dictionaries,Medical economics},
}
@Book{bourgoisRighteousDopefiend2009,
  address = {{Berkeley}},
  series = {California Series in Public Anthropology},
  title = {Righteous Dopefiend},
  isbn = {978-0-520-23088-0 978-0-520-25498-5},
  lccn = {HV5825 .B677 2009},
  number = {21},
  publisher = {{University of California Press}},
  author = {Philippe I. Bourgois and Jeff Schonberg},
  year = {2009},
  keywords = {United States,Drug use,Drug addicts,Economic conditions,Homeless persons,Marginality; Social,Social conditions},
  note = {OCLC: ocn184924924},
}
@Book{meierPainKillerEmpire2018,
  address = {{New York}},
  edition = {Second edition},
  title = {Pain Killer: An Empire of Deceit and the Origin of {{America}}'s Opioid Epidemic},
  isbn = {978-0-525-51110-6},
  lccn = {HV5822.O99 M45 2018},
  shorttitle = {Pain Killer},
  publisher = {{Random House}},
  author = {Barry Meier},
  year = {2018},
  keywords = {Oxycodone,United States,Drug Overdose,epidemiology,history,History; 20th Century,History; 21st Century,Opioid-Related Disorders,Socioeconomic Factors},
}
@Article{nuttDevelopmentRationalScale2007,
  title = {Development of a Rational Scale to Assess the Harm of Drugs of Potential Misuse},
  volume = {369},
  issn = {0140-6736, 1474-547X},
  language = {English},
  number = {9566},
  journal = {The Lancet},
  doi = {10.1016/S0140-6736(07)60464-4},
  author = {David Nutt and Leslie A. King and William Saulsbury and Colin Blakemore},
  month = {mar},
  year = {2007},
  pages = {1047-1053},
  file = {/home/jackson/Zotero/storage/QJ2BMX69/Nutt et al. - 2007 - Development of a rational scale to assess the harm.pdf;/home/jackson/Zotero/storage/NWWQUUBT/fulltext.html},
  pmid = {17382831},
}
@Article{badgerAlteredStatesImpact2007,
  title = {Altered States: {{The}} Impact of Immediate Craving on the Valuation of Current and Future Opioids},
  volume = {26},
  issn = {01676296},
  shorttitle = {Altered States},
  language = {en},
  number = {5},
  journal = {Journal of Health Economics},
  doi = {10.1016/j.jhealeco.2007.01.002},
  author = {Gary J. Badger and Warren K. Bickel and Louis A. Giordano and Eric A. Jacobs and George Loewenstein and Lisa Marsch},
  month = {sep},
  year = {2007},
  pages = {865-876},
}
@Article{collettOpioidToleranceClinical1998,
  title = {Opioid Tolerance: The Clinical Perspective},
  volume = {81},
  issn = {00070912},
  shorttitle = {Opioid Tolerance},
  language = {en},
  number = {1},
  journal = {British Journal of Anaesthesia},
  doi = {10.1093/bja/81.1.58},
  author = {B J Collett},
  month = {jul},
  year = {1998},
  pages = {58-68},
  file = {/home/jackson/Zotero/storage/AD2VFYCL/Collett - 1998 - Opioid tolerance the clinical perspective.pdf},
}
@Article{morganAnalysisOpioidEfficacy2011,
  title = {Analysis of Opioid Efficacy, Tolerance, Addiction and Dependence from Cell Culture to Human: {{Opioid}} Efficacy, Tolerance and Addiction},
  volume = {164},
  issn = {00071188},
  shorttitle = {Analysis of Opioid Efficacy, Tolerance, Addiction and Dependence from Cell Culture to Human},
  language = {en},
  number = {4},
  journal = {British Journal of Pharmacology},
  doi = {10.1111/j.1476-5381.2011.01335.x},
  author = {Michael M Morgan and MacDonald J Christie},
  month = {oct},
  year = {2011},
  pages = {1322-1334},
  file = {/home/jackson/Zotero/storage/Q2H9JM5K/Morgan and Christie - 2011 - Analysis of opioid efficacy, tolerance, addiction .pdf},
}
@Article{arabloueiHistoryOpioidsAmerica2019,
  title = {A {{History Of Opioids In America}}},
  language = {en},
  journal = {National Public Radio},
  author = {Ramtin Arablouei and Rund Abdelfatah},
  month = {apr},
  year = {2019},
  file = {/home/jackson/Zotero/storage/5D7QXP7T/a-history-of-opioids-in-america.html},
}
@Misc{trickeyStoryAmerica19thCentury2018,
  title = {Inside the {{Story}} of {{America}}'s 19th-{{Century Opiate Addiction}}},
  language = {en},
  journal = {Smithsonian},
  howpublished = {https://www.smithsonianmag.com/history/inside-story-americas-19th-century-opiate-addiction-180967673/},
  author = {Erick Trickey},
  year = {Januarary 4th, 2018},
  file = {/home/jackson/Zotero/storage/52Z729CH/inside-story-americas-19th-century-opiate-addiction-180967673.html},
}
@Article{mustoIatrogenicAddictionProblem1985,
  title = {Iatrogenic Addiction: The Problem, Its Definition and History.},
  volume = {61},
  issn = {0028-7091},
  shorttitle = {Iatrogenic Addiction},
  number = {8},
  journal = {Bulletin of the New York Academy of Medicine},
  author = {D. F. Musto},
  month = {oct},
  year = {1985},
  pages = {694-705},
  file = {/home/jackson/Zotero/storage/HGCFMJNX/Musto - 1985 - Iatrogenic addiction the problem, its definition .pdf},
  pmid = {3902132},
  pmcid = {PMC1911869},
}
@Misc{eschHowOneSentence2017,
  title = {How One Sentence Helped Set off the Opioid Crisis},
  language = {en-US},
  journal = {Marketplace},
  author = {Caitlin Esch},
  month = {dec},
  year = {2017},
  file = {/home/jackson/Zotero/storage/AU7QRARQ/opioid.html},
}

@Article{vanzeePromotionMarketingOxyContin2009,
  title = {The {{Promotion}} and {{Marketing}} of {{OxyContin}}: {{Commercial Triumph}}, {{Public Health Tragedy}}},
  volume = {99},
  issn = {0090-0036},
  shorttitle = {The {{Promotion}} and {{Marketing}} of {{OxyContin}}},
  number = {2},
  journal = {American Journal of Public Health},
  doi = {10.2105/AJPH.2007.131714},
  author = {Art {Van Zee}},
  month = {feb},
  year = {2009},
  pages = {221-227},
  file = {/home/jackson/Zotero/storage/IQZRF5WV/Van Zee - 2009 - The Promotion and Marketing of OxyContin Commerci.pdf},
  pmid = {18799767},
  pmcid = {PMC2622774},
}
@Misc{haneyDoctorWhoWrote,
  title = {Doctor {{Who Wrote}} 1980 {{Letter On Painkillers Regrets That It Fed The Opioid Crisis}}},
  language = {en},
  journal = {NPR.org},
  howpublished = {https://www.npr.org/sections/health-shots/2017/06/16/533060031/doctor-who-wrote-1980-letter-on-painkillers-regrets-that-it-fed-the-opioid-crisi},
  author = {Taylor Haney and Andrea Hsu},
  file = {/home/jackson/Zotero/storage/39EM2I87/doctor-who-wrote-1980-letter-on-painkillers-regrets-that-it-fed-the-opioid-crisi.html},
}

@Article{porterAddictionRarePatients1980,
  title = {Addiction {{Rare}} in {{Patients Treated}} with {{Narcotics}}},
  volume = {302},
  issn = {0028-4793, 1533-4406},
  language = {en},
  number = {2},
  journal = {New England Journal of Medicine},
  doi = {10.1056/NEJM198001103020221},
  author = {J Porter and H Jick},
  month = {jan},
  year = {1980},
  pages = {123-123},
}

@Misc{zhangOneParagraphLetter19802017,
  title = {The {{One}}-{{Paragraph Letter From}} 1980 {{That Fueled}} the {{Opioid Crisis}}},
  language = {en-US},
  journal = {The Atlantic},
  howpublished = {https://www.theatlantic.com/health/archive/2017/06/nejm-letter-opioids/528840/},
  author = {Sarah Zhang},
  month = {jun},
  year = {2017},
  file = {/home/jackson/Zotero/storage/JDESLIAS/528840.html},
}
@Book{macyDopesickDealersDoctors2018,
  address = {{New York}},
  edition = {First edition},
  title = {Dopesick: Dealers, Doctors, and the Drug Company That Addicted {{America}}},
  isbn = {978-0-316-55124-3 978-0-316-52317-2},
  lccn = {RC568.O45 M33 2018},
  shorttitle = {Dopesick},
  publisher = {{Little, Brown and Company}},
  author = {Beth Macy},
  year = {2018},
  keywords = {Oxycodone,United States,Opioid abuse,Medication abuse,Oxycodone abuse},
}
@TechReport{kruegerWhereHaveAll2017,
  type = {Brooks {{Papers}} on {{Economic Activity}}},
  title = {Where {{Have All}} the {{Workers Gone}}? {{An Inquiry}} into the {{Decline}} of the {{U}}.{{S}}. {{Labor Force Participation Rate}}},
  institution = {{Brookings}},
  author = {Alan B Krueger},
  month = {aug},
  year = {2017},
  file = {/home/jackson/Zotero/storage/SUJ3YCPY/Krueger - Where Have All the Workers Gone An Inquiry into t.pdf},
}

@Article{friedenReducingRisksRelief2016,
  title = {Reducing the {{Risks}} of {{Relief}} \textemdash{} {{The CDC Opioid}}-{{Prescribing Guideline}}},
  volume = {374},
  issn = {0028-4793},
  number = {16},
  journal = {New England Journal of Medicine},
  doi = {10.1056/NEJMp1515917},
  author = {Thomas R. Frieden and Debra Houry},
  month = {apr},
  year = {2016},
  pages = {1501-1504},
  file = {/home/jackson/Zotero/storage/FHJ8T9K2/Frieden and Houry - 2016 - Reducing the Risks of Relief — The CDC Opioid-Pres.pdf;/home/jackson/Zotero/storage/EE4TPWKR/NEJMp1515917.html},
  pmid = {26977701},
}
@Article{odonnellTrendsDeathsInvolving2017,
  title = {Trends in {{Deaths Involving Heroin}} and {{Synthetic Opioids Excluding Methadone}}, and {{Law Enforcement Drug Product Reports}}, by {{Census Region}} \textemdash{} {{United States}}, 2006\textendash{}2015},
  volume = {66},
  issn = {0149-2195},
  number = {34},
  journal = {MMWR. Morbidity and Mortality Weekly Report},
  doi = {10.15585/mmwr.mm6634a2},
  author = {Julie K. O'Donnell and R. Matthew Gladden and Puja Seth},
  month = {sep},
  year = {2017},
  pages = {897-903},
  file = {/home/jackson/Zotero/storage/A75GQ2PW/O’Donnell et al. - 2017 - Trends in Deaths Involving Heroin and Synthetic Op.pdf},
  pmid = {28859052},
  pmcid = {PMC5657786},
}
@Misc{ciceroEffectAbuseDeterrentFormulation2012,
  type = {Letter},
  title = {Effect of {{Abuse}}-{{Deterrent Formulation}} of {{OxyContin}}},
  language = {EN},
  doi = {10.1056/NEJMc1204141},
  author = {Theodore J. Cicero and Matthew S. Ellis and Hilary L. Surratt},
  month = {jul},
  year = {2012},
  file = {/home/jackson/Zotero/storage/5BLY4JIG/NEJMc1204141.html},
}

@Article{coplanEffectAbusedeterrentOpioid2016,
  title = {The Effect of an Abuse-Deterrent Opioid Formulation ({{OxyContin}}) on Opioid Abuse-Related Outcomes in the Postmarketing Setting},
  volume = {100},
  issn = {1532-6535},
  language = {eng},
  number = {3},
  journal = {Clinical Pharmacology and Therapeutics},
  doi = {10.1002/cpt.390},
  author = {P. M. Coplan and H. D. Chilcoat and S. F. Butler and E. M. Sellers and A. Kadakia and V. Harikrishnan and J. D. Haddox and R. C. Dart},
  month = {sep},
  year = {2016},
  keywords = {Oxycodone,United States,Opioid-Related Disorders,Analgesics; Opioid,Chemistry; Pharmaceutical,Drug Administration Routes,Humans,Practice Patterns; Physicians',Prescription Drug Diversion,Prescription Drug Misuse,Product Surveillance; Postmarketing,Residence Characteristics},
  pages = {275-286},
  file = {/home/jackson/Zotero/storage/AQKJC5ZM/Coplan et al. - 2016 - The effect of an abuse-deterrent opioid formulatio.pdf},
  pmid = {27170195},
  pmcid = {PMC5102571},
}
@Article{popoviciEffectStateLaws2018,
  title = {The Effect of State Laws Designed to Prevent Nonmedical Prescription Opioid Use on Overdose Deaths and Treatment},
  volume = {27},
  issn = {10579230},
  language = {en},
  number = {2},
  journal = {Health Economics},
  doi = {10.1002/hec.3548},
  author = {Ioana Popovici and Johanna Catherine Maclean and Bushra Hijazi and Sharmini Radakrishnan},
  month = {feb},
  year = {2018},
  pages = {294-305},
}
@Misc{cdcFentanyl2019,
  title = {Fentanyl},
  language = {en-us},
  journal = {Center for Disease Control},
  howpublished = {https://www.cdc.gov/drugoverdose/opioids/fentanyl.html},
  author = {{CDC}},
  month = {jun},
  year = {2019},
  file = {/home/jackson/Zotero/storage/BEKLRIYR/fentanyl.html},
}
@Article{hempsteadSupplySideResponseDeclining2014,
  title = {Supply-{{Side Response}} to {{Declining Heroin Purity}}: {{Fentanyl Overdose Episode}} in {{New Jersey}}},
  volume = {23},
  copyright = {Copyright \textcopyright{} 2013 John Wiley \& Sons, Ltd.},
  issn = {1099-1050},
  shorttitle = {Supply-{{Side Response}} to {{Declining Heroin Purity}}},
  language = {en},
  number = {6},
  journal = {Health Economics},
  doi = {10.1002/hec.2937},
  author = {Katherine Hempstead and Emel O. Yildirim},
  year = {2014},
  keywords = {illegal drugs,substance abuse,supply-side},
  pages = {688-705},
  file = {/home/jackson/Zotero/storage/URCYZ238/Hempstead and Yildirim - 2014 - Supply-Side Response to Declining Heroin Purity F.pdf;/home/jackson/Zotero/storage/3MW6IWMT/hec.html},
}

@Article{frankAddressingFentanylThreat2017,
  title = {Addressing the {{Fentanyl Threat}} to {{Public Health}}},
  volume = {376},
  issn = {0028-4793},
  number = {7},
  journal = {New England Journal of Medicine},
  doi = {10.1056/NEJMp1615145},
  author = {Richard G. Frank and Harold A. Pollack},
  month = {feb},
  year = {2017},
  pages = {605-607},
  file = {/home/jackson/Zotero/storage/WMMGGCLD/Frank and Pollack - 2017 - Addressing the Fentanyl Threat to Public Health.pdf;/home/jackson/Zotero/storage/TK2K3ARM/NEJMp1615145.html},
  pmid = {28199808},
}
@Article{carrollExposureFentanylcontaminatedHeroin2017,
  title = {Exposure to Fentanyl-Contaminated Heroin and Overdose Risk among Illicit Opioid Users in {{Rhode Island}}: {{A}} Mixed Methods Study},
  volume = {46},
  issn = {0955-3959},
  shorttitle = {Exposure to Fentanyl-Contaminated Heroin and Overdose Risk among Illicit Opioid Users in {{Rhode Island}}},
  language = {en},
  journal = {International Journal of Drug Policy},
  doi = {10.1016/j.drugpo.2017.05.023},
  author = {Jennifer J. Carroll and Brandon D. L. Marshall and Josiah D. Rich and Traci C. Green},
  month = {aug},
  year = {2017},
  keywords = {Drug use,Fentanyl,Heroin,Medication assisted treatment,Medications for addiction treatment,Overdose,Qualitative methods},
  pages = {136-145},
  file = {/home/jackson/Zotero/storage/Q48W5DWX/Carroll et al. - 2017 - Exposure to fentanyl-contaminated heroin and overd.pdf;/home/jackson/Zotero/storage/FYEPYCN3/S0955395917301275.html},
}

@Article{sociasEpidemicDeathsFentanyl2017,
  title = {Epidemic of Deaths from Fentanyl Overdose},
  issn = {0959-8138, 1756-1833},
  language = {en},
  journal = {BMJ},
  doi = {10.1136/bmj.j4355},
  author = {M Eugenia Socias and Evan Wood},
  month = {sep},
  year = {2017},
  pages = {j4355},
}
@Article{marshallEpidemiologyFentanylinvolvedDrug2017,
  title = {Epidemiology of Fentanyl-Involved Drug Overdose Deaths: A Geospatial Retrospective Study in {{Rhode Island}}, {{USA}}},
  volume = {46},
  copyright = {Elsevier Publishing},
  issn = {0955-3959},
  shorttitle = {Epidemiology of Fentanyl-Involved Drug Overdose Deaths},
  language = {en},
  journal = {International journal on drug policy},
  doi = {10.1016/j.drugpo.2017.05.029},
  author = {Brandon D. L. Marshall and Maxwell S. Krieger and Jesse L. Yedinak and Patricia Ogera and Priya Banerjee and Nicole E. Alexander-Scott and Josiah D. Rich and Traci C. Green},
  year = {2017},
  pages = {130-135},
}
@Article{fairbairnNaloxoneHeroinPrescription2017,
  title = {Naloxone {{For Heroin}}, {{Prescription Opioid}}, {{And Illicitly Made Fentanyl Overdoses}}: {{Challenges And Innovations Responding To A Dynamic Epidemic}}},
  volume = {46},
  issn = {0955-3959},
  shorttitle = {Naloxone {{For Heroin}}, {{Prescription Opioid}}, {{And Illicitly Made Fentanyl Overdoses}}},
  journal = {The International journal on drug policy},
  doi = {10.1016/j.drugpo.2017.06.005},
  author = {Nadia Fairbairn and Phillip O. Coffin and Alexander Walley},
  month = {aug},
  year = {2017},
  pages = {172-179},
  file = {/home/jackson/Zotero/storage/YYMLA39B/Fairbairn et al. - 2017 - Naloxone For Heroin, Prescription Opioid, And Illi.pdf},
  pmid = {28687187},
  pmcid = {PMC5783633},
}
@Book{kastinHandbookBiologicallyActive2013,
  address = {{San Diego, UNITED STATES}},
  title = {Handbook of {{Biologically Active Peptides}}},
  isbn = {978-0-12-385096-6},
  publisher = {{Elsevier Science \& Technology}},
  author = {Abba Kastin},
  year = {2013},
  keywords = {Protein engineering.},
  file = {/home/jackson/Zotero/storage/L5KZPYJF/reader.html},
}
@Book{rastegarAmericanSocietyAddiction2015,
  address = {{New York, UNITED STATES}},
  title = {The {{American Society}} of {{Addiction Medicine Handbook}} of {{Addiction Medicine}}},
  isbn = {978-0-19-021465-4},
  publisher = {{Oxford University Press, Incorporated}},
  author = {Darius Rastegar and Michael Fingerhood},
  year = {2015},
  keywords = {Addictive,Behavior},
  file = {/home/jackson/Zotero/storage/986G6A9R/reader.html},
}

@Book{brummettManagingPainEssentials2013,
  address = {{Cary, UNITED STATES}},
  title = {Managing {{Pain}}: {{Essentials}} of {{Diagnosis}} and {{Treatment}}},
  isbn = {978-0-19-993149-1},
  shorttitle = {Managing {{Pain}}},
  publisher = {{Oxford University Press, Incorporated}},
  author = {Chad M. Brummett and Steven P. Cohen},
  year = {2013},
  keywords = {Pain Management},
  file = {/home/jackson/Zotero/storage/B8KLDNAH/reader.html},
}
@Book{whiteSlayingDragonHistory1998,
  address = {{Bloomington, Ill}},
  title = {Slaying the Dragon: The History of Addiction Treatment and Recovery in {{America}}},
  isbn = {978-0-938475-07-1},
  lccn = {HV5279 .W48 1998},
  shorttitle = {Slaying the Dragon},
  publisher = {{Chestnut Health Systems/Lighthouse Institute}},
  author = {William L. White},
  year = {1998},
  keywords = {Alcoholism,Drug abuse,History,Rehabilitation centers,Treatment History,United States},
}
